% documentation for r packages
@online{rpack_dpyr,
  title = {{Introduction to dpyr}},
  url = {https://cran.rstudio.com/web/packages/dplyr/vignettes/introduction.html},
}

@online{rpack_sheets,
  title = {{googlesheets Basic Usage}},
  url = {https://rawgit.com/jennybc/googlesheets/master/vignettes/basic-usage.html},
  year = 2016,
}

@online{rpack_sp,
  title = {{Reference manual for sp - Classes and Methods for Spatial Data}},
  url = {https://cran.r-project.org/web/packages/sp/sp.pdf},
  year = 2016,
}



% documentation for shiny stuff
@online{shiny,
  title = {{Shiny, a web application framework for R}},
  year = 2012,
  url = {https://shiny.rstudio.com/},
}

@online{shiny_react,
  title = {{Reactivity: an overview}},
  url = {https://shiny.rstudio.com/articles/reactivity-overview.html},
}

@online{shiny_layout,
  title = {{Aapplication layout guide}},
  url = {https://shiny.rstudio.com/articles/layout-guide.html},
}

@online{leaflet,
  title = {{Leaflet for R}},
  year = 2014,
  url = {https://rstudio.github.io/leaflet/},
}

@online{plotly,
  title = {{plotly R Library}},
  year = 2014,
  url = {https://plot.ly/r/},
}

@online{plotly_ref,
  title = {{plotly R chart attribute reference}},
  year = 2014,
  url = {https://plot.ly/r/reference/},
}



% documentation for android
@online{android_location,
  title = {{Receiving Location Updates}},
  url = {https://developer.android.com/training/location/receive-location-updates.html},
}

@online{android_apiclient,
  title = {{Google API Client}},
  url = {https://developers.google.com/android/reference/com/google/android/gms/common/api/GoogleApiClient},
}

@online{android_storage,
  title = {{Storage Options}},
  url = {https://developer.android.com/guide/topics/data/data-storage.html},
}

@online{android_activity,
  title = {{Android Activity}},
  url = {https://developer.android.com/reference/android/app/Activity.html},
}

@online{android_service,
  title = {{Android Service}},
  url = {https://developer.android.com/reference/android/app/Service.html},
}

@online{android_task,
  title = {{Android AsyncTask}},
  url = {https://developer.android.com/reference/android/os/AsyncTask.html},
}



% documentation for apis
@online{apis,
  title = {{Google Sheets API}},
  url = {https://developers.google.com/sheets/api/},
}

@online{apis_android,
  title = {{Android Quickstart}},
  url = {https://developers.google.com/sheets/api/quickstart/android},
}


@online{apis_credential,
  title = {{GoogleAccountCredential}},
  url = {https://developers.google.com/api-client-library/java/google-api-java-client/reference/1.20.0/com/google/api/client/googleapis/extensions/android/gms/auth/GoogleAccountCredential},
}





% documentation for misc
@online{git,
  title = {{Git - everyday documentation}},
  year = 2016,
  url = {https://git-scm.com/docs/everyday},
}

@online{atom_latex,
  title = {{THE LATEXTOOLS MANUAL}},
  year = 2016,
  url = {https://github.com/msiniscalchi/atom-latextools/blob/master/MANUAL.md},
}
