@online{shiny,
  title = {{Shiny, a web application framework for R}},
  year = 2012,
  url = {https://shiny.rstudio.com/},
}

@online{leaflet,
  title = {{Leaflet for R}},
  year = 2014,
  url = {https://rstudio.github.io/leaflet/},
}

@online{plotly,
  title = {{Plotly R Library}},
  year = 2014,
  url = {https://plot.ly/r/},
}

@online{dev_android,
  title = {{Introduction to Android}},
  url = {https://developer.android.com/guide/},
}

@online{dev_google,
  title = {{Google Sheets API}},
  url = {https://developers.google.com/sheets/api/},
}
